<record><leader>00000cas a22000007a 4500</leader><controlfield tag="001">22724689</controlfield><controlfield tag="008">901121d192119uumoucr ne      0    0eng d</controlfield><datafield ind1=" " ind2=" " tag="010"><subfield code="a">sn 90051952 </subfield></datafield><datafield ind1=" " ind2=" " tag="040"><subfield code="a">CNQ</subfield><subfield code="b">eng</subfield><subfield code="c">CNQ</subfield><subfield code="d">NVF</subfield><subfield code="d">OCLCQ</subfield><subfield code="d">DLC</subfield></datafield><datafield ind1=" " ind2=" " tag="042"><subfield code="a">msc</subfield></datafield><datafield ind1="0" ind2="0" tag="245"><subfield code="a">Twice-a-week globe-Democrat.</subfield></datafield><datafield ind1=" " ind2=" " tag="260"><subfield code="a">St. Louis, Mo. :</subfield><subfield code="b">Globe Print. Co.</subfield></datafield><datafield ind1=" " ind2=" " tag="300"><subfield code="a">v.</subfield></datafield><datafield ind1=" " ind2=" " tag="310"><subfield code="a">Semiweekly</subfield></datafield><datafield ind1="1" ind2=" " tag="362"><subfield code="a">Began in 1921.</subfield></datafield><datafield ind1=" " ind2=" " tag="580"><subfield code="a">Daily ed.: St. Louis globe-Democrat (Saint Louis, Mo. : 1875), &lt;1921&gt;.</subfield></datafield><datafield ind1=" " ind2=" " tag="588"><subfield code="a">Description based on: Vol. 46, no. 91 (Mar. 31, 1921).</subfield></datafield><datafield ind1=" " ind2=" " tag="752"><subfield code="a">United States</subfield><subfield code="b">Missouri</subfield><subfield code="d">Saint Louis.</subfield></datafield><datafield ind1="1" ind2=" " tag="775"><subfield code="t">St. Louis globe-Democrat (Saint Louis, Mo. : 1875)</subfield><subfield code="x">2574-6642</subfield><subfield code="w">(DLC)sn 83045405</subfield><subfield code="w">(OCoLC)9459059</subfield></datafield><datafield ind1="0" ind2="0" tag="780"><subfield code="t">Weekly globe-Democrat (Saint Louis, Mo. : 1876)</subfield><subfield code="w">(DLC)sn 84020171</subfield></datafield></record>